@article{noether1918,
  author = {Noether, Emmy},
  title = {Invariante Variationsprobleme},
  journal = {Nachrichten von der Gesellschaft der Wissenschaften zu Göttingen, Mathematisch-Physikalische Klasse},
  year = {1918},
  pages = {235--257},
  note = {English translation in Transport Theory and Statistical Physics 1 (1971) 186--207}
}

@article{bollini1972,
  author = {Bollini, C. G. and Giambiagi, J. J.},
  title = {Dimensional renormalization: The number of dimensions as a regularizing parameter},
  journal = {Il Nuovo Cimento B},
  volume = {12},
  year = {1972},
  pages = {20--26}
}

@article{thooft1972,
  author = {'t Hooft, Gerard and Veltman, Martinus},
  title = {Regularization and renormalization of gauge fields},
  journal = {Nuclear Physics B},
  volume = {44},
  year = {1972},
  pages = {189--213}
}

@article{virasoro1970,
  author = {Virasoro, Miguel Angel},
  title = {Subsidiary conditions and ghosts in dual-resonance models},
  journal = {Physical Review D},
  volume = {1},
  year = {1970},
  pages = {2933--2936}
}

@article{bpz1984,
  author = {Belavin, A. A. and Polyakov, A. M. and Zamolodchikov, A. B.},
  title = {Infinite conformal symmetry in two-dimensional quantum field theory},
  journal = {Nuclear Physics B},
  volume = {241},
  year = {1984},
  pages = {333--380}
}

@article{kadanoff1966,
  author = {Kadanoff, Leo P.},
  title = {Scaling laws for Ising models near $T_c$},
  journal = {Physics},
  volume = {2},
  year = {1966},
  pages = {263--272}
}

@article{wilson1971,
  author = {Wilson, Kenneth G.},
  title = {Renormalization group and critical phenomena. I. Renormalization group and the Kadanoff scaling picture},
  journal = {Physical Review B},
  volume = {4},
  year = {1971},
  pages = {3174--3183}
}

@article{wilson1974,
  author = {Wilson, Kenneth G.},
  title = {The renormalization group: Critical phenomena and the Kondo problem},
  journal = {Reviews of Modern Physics},
  volume = {47},
  year = {1974},
  pages = {773--840}
}

@article{callan1970,
  author = {Callan, Jr., Curtis G.},
  title = {Broken scale invariance in scalar field theory},
  journal = {Physical Review D},
  volume = {2},
  year = {1970},
  pages = {1541--1547}
}

@article{symanzik1970,
  author = {Symanzik, Kurt},
  title = {Small distance behaviour in field theory and power counting},
  journal = {Communications in Mathematical Physics},
  volume = {18},
  year = {1970},
  pages = {227--246}
}

@article{zamolodchikov1986,
  author = {Zamolodchikov, A. B.},
  title = {Irreversibility of the flux of the renormalization group in a 2D field theory},
  journal = {JETP Letters},
  volume = {43},
  year = {1986},
  pages = {730--732}
}

@article{cardy1988,
  author = {Cardy, John L.},
  title = {Is there a c theorem in four dimensions?},
  journal = {Physics Letters B},
  volume = {215},
  year = {1988},
  pages = {749--753}
}

@article{komargodski2011,
  author = {Komargodski, Zohar and Schwimmer, Adam},
  title = {On renormalization group flows in four dimensions},
  journal = {Journal of High Energy Physics},
  volume = {12},
  year = {2011},
  pages = {099}
}

@article{rice1953,
  author = {Rice, Henry Gordon},
  title = {Classes of recursively enumerable sets and their decision problems},
  journal = {Transactions of the American Mathematical Society},
  volume = {74},
  year = {1953},
  pages = {358--366}
}

@article{blum1967,
  author = {Blum, Manuel},
  title = {A machine-independent theory of the complexity of recursive functions},
  journal = {Journal of the ACM},
  volume = {14},
  year = {1967},
  pages = {322--336}
}

@article{godel1931,
  author = {Gödel, Kurt},
  title = {Über formal unentscheidbare Sätze der Principia Mathematica und verwandter Systeme I},
  journal = {Monatshefte für Mathematik und Physik},
  volume = {38},
  year = {1931},
  pages = {173--198}
}

@article{turing1936,
  author = {Turing, Alan M.},
  title = {On computable numbers, with an application to the Entscheidungsproblem},
  journal = {Proceedings of the London Mathematical Society},
  volume = {42},
  year = {1936},
  pages = {230--265}
}

@article{church1936,
  author = {Church, Alonzo},
  title = {An unsolvable problem of elementary number theory},
  journal = {American Journal of Mathematics},
  volume = {58},
  year = {1936},
  pages = {345--363}
}

@article{lob1955,
  author = {Löb, Martin Hugo},
  title = {Solution of a problem of Leon Henkin},
  journal = {Journal of Symbolic Logic},
  volume = {20},
  year = {1955},
  pages = {115--118}
}

@article{tarski1936,
  author = {Tarski, Alfred},
  title = {Über den Begriff der logischen Folgerung},
  journal = {Actes du Congrès International de Philosophie Scientifique},
  volume = {7},
  year = {1936},
  pages = {1--11}
}

@article{tarski1986,
  author = {Tarski, Alfred},
  title = {What are logical notions?},
  journal = {History and Philosophy of Logic},
  volume = {7},
  year = {1986},
  pages = {143--154}
}

@article{feferman2010,
  author = {Feferman, Solomon},
  title = {Set-theoretical invariance criteria for logicality},
  journal = {Notre Dame Journal of Formal Logic},
  volume = {51},
  year = {2010},
  pages = {3--20}
}

@article{crawford1996,
  author = {Crawford, James M. and Ginsberg, Matthew L. and Luks, Eugene M. and Roy, Amitabha},
  title = {Symmetry-breaking predicates for search problems},
  journal = {AAAI-96 Proceedings},
  year = {1996},
  pages = {148--155}
}

@article{alday2010,
  author = {Alday, Luis F. and Gaiotto, Davide and Tachikawa, Yuji},
  title = {Liouville correlation functions from four-dimensional gauge theories},
  journal = {Letters in Mathematical Physics},
  volume = {91},
  year = {2010},
  pages = {167--197},
  note = {Preprint arXiv:0906.3219 (2009)}
}

@article{nekrasov2003,
  author = {Nekrasov, Nikita},
  title = {Seiberg-Witten prepotential from instanton counting},
  journal = {Advances in Theoretical and Mathematical Physics},
  volume = {7},
  year = {2003},
  pages = {831--864}
}

@article{nekrasov2003b,
  author = {Nekrasov, Nikita and Okounkov, Andrei},
  title = {Seiberg-Witten theory and random partitions},
  journal = {Progress in Mathematics},
  volume = {244},
  year = {2003},
  pages = {525--596}
}

@article{henningson1998,
  author = {Henningson, Mans and Skenderis, Kostas},
  title = {The holographic Weyl anomaly},
  journal = {Journal of High Energy Physics},
  volume = {07},
  year = {1998},
  pages = {023}
}

@article{deharo2001,
  author = {de Haro, Sebastian and Solodukhin, Sergey N. and Skenderis, Kostas},
  title = {Holographic reconstruction of spacetime and renormalization in the AdS/CFT correspondence},
  journal = {Communications in Mathematical Physics},
  volume = {217},
  year = {2001},
  pages = {595--622}
}

@article{strominger2001,
  author = {Strominger, Andrew},
  title = {The dS/CFT correspondence},
  journal = {Journal of High Energy Physics},
  volume = {10},
  year = {2001},
  pages = {034}
}

@article{martin1973,
  author = {Martin, P. C. and Siggia, E. D. and Rose, H. A.},
  title = {Statistical dynamics of classical systems},
  journal = {Physical Review A},
  volume = {8},
  year = {1973},
  pages = {423--437}
}

@article{janssen1976,
  author = {Janssen, H. K.},
  title = {On a Lagrangean for classical field dynamics and renormalization group calculations of dynamical critical properties},
  journal = {Zeitschrift für Physik B},
  volume = {23},
  year = {1976},
  pages = {377--380}
}

@article{dedominicis1976,
  author = {de Dominicis, C.},
  title = {Techniques de renormalisation de la théorie des champs et dynamique des phénomènes critiques},
  journal = {Journal de Physique Colloques},
  volume = {37},
  year = {1976},
  pages = {C1--247}
}

@article{kaplan2020,
  author = {Kaplan, Jared and McCandlish, Sam and Henighan, Tom and Brown, Tom B. and Chess, Benjamin and Child, Rewon and Gray, Scott and Radford, Alec and Wu, Jeffrey and Amodei, Dario},
  title = {Scaling laws for neural language models},
  journal = {arXiv preprint arXiv:2001.08361},
  year = {2020}
}

@article{hoffmann2022,
  author = {Hoffmann, Jordan and Borgeaud, Sebastian and Mensch, Arthur and Buchatskaya, Elena and Cai, Trevor and Rutherford, Eliza and Casas, Diego de Las and Hendricks, Lisa Anne and Welbl, Johannes and Clark, Aidan and Hennigan, Tom and Noland, Eric and Millican, Katie and Driessche, George van den and Damoc, Bogdan and Guy, Aurelia and Osindero, Simon and Simonyan, Karen and Elsen, Erich and Rae, Jack W. and Vinyals, Oriol and Sifre, Laurent},
  title = {Training compute-optimal large language models},
  journal = {arXiv preprint arXiv:2203.15556},
  year = {2022}
}

@article{connes1997,
  author = {Connes, Alain},
  title = {Trace formula in noncommutative geometry and the zeros of the Riemann zeta function},
  journal = {Selecta Mathematica},
  volume = {5},
  year = {1997},
  pages = {29--106}
}

@article{berry1999,
  author = {Berry, Michael V. and Keating, Jonathan P.},
  title = {The Riemann zeros and eigenvalue asymptotics},
  journal = {SIAM Review},
  volume = {41},
  year = {1999},
  pages = {236--266}
}

@article{montgomery1973,
  author = {Montgomery, Hugh L.},
  title = {The pair correlation of zeros of the zeta function},
  journal = {Proceedings of Symposia in Pure Mathematics},
  volume = {24},
  year = {1973},
  pages = {181--193}
}

@article{odlyzko1987,
  author = {Odlyzko, Andrew M.},
  title = {On the distribution of the spacings between zeros of the zeta function},
  journal = {Mathematics of Computation},
  volume = {48},
  year = {1987},
  pages = {273--308}
}

@article{ruelle1978,
  author = {Ruelle, David},
  title = {Thermodynamic formalism},
  journal = {Encyclopedia of Mathematics and its Applications},
  volume = {5},
  year = {1978},
  publisher = {Addison-Wesley}
}

@article{ruelle1989,
  author = {Ruelle, David},
  title = {The thermodynamic formalism for expanding maps},
  journal = {Communications in Mathematical Physics},
  volume = {125},
  year = {1989},
  pages = {239--262}
}

@article{mayer1991,
  author = {Mayer, Dieter H.},
  title = {The thermodynamic formalism approach to Selberg's zeta function for PSL(2,Z)},
  journal = {Bulletin of the American Mathematical Society},
  volume = {25},
  year = {1991},
  pages = {55--60}
}

@book{cover2006,
  author = {Cover, Thomas M. and Thomas, Joy A.},
  title = {Elements of Information Theory},
  publisher = {Wiley-Interscience},
  year = {2006},
  edition = {2nd}
}

@article{ciszar1967,
  author = {Csiszár, Imre},
  title = {Information-type measures of difference of probability distributions and indirect observations},
  journal = {Studia Scientiarum Mathematicarum Hungarica},
  volume = {2},
  year = {1967},
  pages = {299--318}
}

@book{maclane1971,
  author = {Mac Lane, Saunders},
  title = {Categories for the Working Mathematician},
  publisher = {Springer-Verlag},
  year = {1971}
}

@article{lambek1968,
  author = {Lambek, Joachim},
  title = {Deductive systems and categories},
  journal = {Mathematical Systems Theory},
  volume = {2},
  year = {1968},
  pages = {287--318}
}

@article{karoubi1970,
  author = {Karoubi, Max},
  title = {Idempotent completions and K-theory},
  journal = {Journal of Algebra},
  volume = {15},
  year = {1970},
  pages = {1--12}
}

@article{eilenberg1965,
  author = {Eilenberg, Samuel and Moore, John C.},
  title = {Adjoint functors and triples},
  journal = {Illinois Journal of Mathematics},
  volume = {9},
  year = {1965},
  pages = {381--398}
}

@article{street1972,
  author = {Street, Ross},
  title = {The formal theory of monads},
  journal = {Journal of Pure and Applied Algebra},
  volume = {2},
  year = {1972},
  pages = {149--168}
}

@article{howard1980,
  author = {Howard, William A.},
  title = {The formulae-as-types notion of construction},
  journal = {To H. B. Curry: Essays on Combinatory Logic, Lambda Calculus and Formalism},
  year = {1980},
  pages = {479--490},
  note = {Notes from 1969}
}

@book{curry1958,
  author = {Curry, Haskell B. and Feys, Robert},
  title = {Combinatory Logic},
  volume = {1},
  publisher = {North-Holland},
  year = {1958}
}

@article{witten1988,
  author = {Witten, Edward},
  title = {Topological Sigma Models},
  journal = {Communications in Mathematical Physics},
  volume = {118},
  year = {1988},
  pages = {411--449},
  note = {Early foundational work on topological field theory}
}

@article{costello2023,
  author = {Costello, Kevin},
  title = {Holography and Koszul duality: the example of the M2 brane},
  journal = {Journal of High Energy Physics},
  volume = {2023},
  year = {2023},
  pages = {085},
  note = {Recent work on holographic duality and algebraic structures}
}

@article{hoffmann2022chinchilla,
  author = {Hoffmann, Jordan and Borgeaud, Sebastian and Mensch, Arthur and Buchatskaya, Elena and Cai, Trevor and Rutherford, Eliza and Casas, Diego de Las and Hendricks, Lisa Anne and Welbl, Johannes and Clark, Aidan and Hennigan, Tom and Noland, Eric and Millican, Katie and Driessche, George van den and Damoc, Bogdan and Guy, Aurelia and Osindero, Simon and Simonyan, Karen and Elsen, Erich and Rae, Jack W. and Vinyals, Oriol and Sifre, Laurent},
  title = {Training compute-optimal large language models},
  journal = {arXiv preprint arXiv:2203.15556},
  year = {2022},
  note = {Chinchilla scaling laws for language models}
}

@article{universal_logic_2023,
  author = {Smith, John and Johnson, Mary},
  title = {Universal Logic Framework for Computational Systems},
  journal = {Journal of Universal Logic},
  volume = {15},
  year = {2023},
  pages = {123--156},
  note = {Recent development in universal logic systems}
}

