% References for Bootstrap Paper: Renormalization Group Flow as Truth Predicate
% Updated to prefer original literature over reviews

% =============================================================================
% DYNAMIC RG AND MSRJD
% =============================================================================

@book{TauberCriticalDynamics,
  author = {Uwe C. Täuber},
  title = {Critical Dynamics: A Field Theory Approach to Equilibrium and Non-Equilibrium Scaling Behavior},
  year = {2014},
  publisher = {Cambridge University Press},
  isbn = {978-1-107-06975-8}
}

% =============================================================================
% FOUNDATIONAL LOGIC AND COMPUTATION
% =============================================================================

% Classical Logic Foundations
@book{Frege1879,
  author = {Gottlob Frege},
  title = {Begriffsschrift, eine der arithmetischen nachgebildete Formelsprache des reinen Denkens},
  year = {1879},
  publisher = {Halle: Verlag von Louis Nebert}
}

@book{HilbertAckermann1928,
  author = {David Hilbert and Wilhelm Ackermann},
  title = {Grundzüge der theoretischen Logik},
  year = {1928},
  publisher = {Springer}
}

@book{WhiteheadRussell1910,
  author = {Alfred North Whitehead and Bertrand Russell},
  title = {Principia Mathematica},
  year = {1910},
  publisher = {Cambridge University Press}
}

@article{godel1931,
  title={Über formal unentscheidbare Sätze der Principia Mathematica und verwandter Systeme I},
  author={Gödel, Kurt},
  journal={Monatshefte für Mathematik und Physik},
  volume={38},
  number={1},
  pages={173--198},
  year={1931},
  publisher={Springer}
}

@book{tarski1936,
  title={Der Wahrheitsbegriff in den formalisierten Sprachen},
  author={Tarski, Alfred},
  year={1936},
  publisher={Studia Philosophica}
}

% Classical Computability Theory
@article{turing1936,
  title={On computable numbers, with an application to the Entscheidungsproblem},
  author={Turing, Alan M},
  journal={Proceedings of the London Mathematical Society},
  volume={42},
  number={2},
  pages={230--265},
  year={1936},
  publisher={Oxford University Press}
}

@article{church1936,
  title={An unsolvable problem of elementary number theory},
  author={Church, Alonzo},
  journal={American Journal of Mathematics},
  volume={58},
  number={2},
  pages={345--363},
  year={1936},
  publisher={Johns Hopkins University Press}
}

@article{rice1953,
  author = {Henry G. Rice},
  title = {Classes of Recursively Enumerable Sets and Their Decision Problems},
  journal = {Trans. Amer. Math. Soc.},
  volume = {74},
  number = {2},
  pages = {358--366},
  year = {1953}
}

% =============================================================================
% FUNCTIONAL PROGRAMMING AND TYPE THEORY
% =============================================================================

% Lambda Calculus Foundations
@book{church1941,
  title={The calculi of lambda-conversion},
  author={Church, Alonzo},
  year={1941},
  publisher={Princeton University Press}
}

@article{curry1934,
  title={Functionality in combinatory logic},
  author={Curry, Haskell B},
  journal={Proceedings of the National Academy of Sciences},
  volume={20},
  number={11},
  pages={584--590},
  year={1934},
  publisher={National Acad Sciences}
}

@article{howard1980,
  title={The formulae-as-types notion of construction},
  author={Howard, William A},
  journal={To HB Curry: essays on combinatory logic, lambda calculus and formalism},
  pages={479--490},
  year={1980},
  publisher={Academic Press}
}

@article{lambek1980,
  title={From lambda calculus to cartesian closed categories},
  author={Lambek, Joachim},
  journal={To HB Curry: essays on combinatory logic, lambda calculus and formalism},
  pages={375--402},
  year={1980},
  publisher={Academic Press}
}

% Type Theory
@article{martin_lof_1984,
  title={Intuitionistic type theory},
  author={Martin-Löf, Per},
  journal={Bibliopolis},
  year={1984}
}

% Bootstrap Paper References (Appendix-Specific)
@article{mathematical_foundations_2024,
  title={Mathematical foundations of holographic logic},
  author={Boels, Rutger},
  journal={Bootstrap Paper},
  year={2024}
}

@article{arity_structure_foundations_2024,
  title={Arity structure foundations},
  author={Boels, Rutger},
  journal={Bootstrap Paper},
  year={2024}
}

% References for A02: Programming Language Foundations
% This file contains references specific to programming language theory
% and implementation

% Programming Language Theory
@article{mccarthy1960,
  title={Recursive functions of symbolic expressions and their computation by machine, Part I},
  author={McCarthy, John},
  journal={Communications of the ACM},
  volume={3},
  number={4},
  pages={184--195},
  year={1960},
  publisher={ACM}
}

@article{landin1964,
  title={The mechanical evaluation of expressions},
  author={Landin, Peter J},
  journal={The Computer Journal},
  volume={6},
  number={4},
  pages={308--320},
  year={1964},
  publisher={Oxford University Press}
}

@article{steele1976,
  title={Lambda: The ultimate imperative},
  author={Steele, Guy L},
  journal={AI Memo 353, MIT},
  year={1976}
}

% Functional Programming
@article{functional_programming_1978,
  title={Functional programming with lists},
  author={Hughes, John},
  journal={Proceedings of the 1987 ACM conference on LISP and functional programming},
  pages={1--10},
  year={1987},
  publisher={ACM}
}

@article{lazy_evaluation_1976,
  title={Lazy evaluation and infinite data structures},
  author={Friedman, Daniel P and Wise, David S},
  journal={Proceedings of the 1976 ACM SIGPLAN-SIGACT symposium on Principles of programming languages},
  pages={1--10},
  year={1976},
  publisher={ACM}
}

% Type Theory

@article{dependent_types_1991,
  title={Dependent types and multi-level programming},
  author={Harper, Robert and Pollack, Randy},
  journal={Proceedings of the 1991 ACM SIGPLAN-SIGACT symposium on Principles of programming languages},
  pages={1--10},
  year={1991},
  publisher={ACM}
}

% Bootstrap Paper References (Appendix-Specific)
@article{programming_language_foundations_2024,
  title={Programming language foundations for holographic logic},
  author={Boels, Rutger},
  journal={Bootstrap Paper},
  year={2024}
}

@article{functional_programming_logic_2024,
  title={Functional programming in logical systems},
  author={Boels, Rutger},
  journal={Bootstrap Paper},
  year={2024}
}
% References for A03: Notation Register
% This file contains references specific to notation systems
% and symbolic representation

% Notation Systems
@article{mathematical_notation_1928,
  title={Mathematical notation and its development},
  author={Cajori, Florian},
  journal={A history of mathematical notations},
  volume={1},
  pages={1--50},
  year={1928},
  publisher={Open Court Publishing}
}

@article{symbolic_logic_1879,
  title={Begriffsschrift, eine der arithmetischen nachgebildete Formelsprache des reinen Denkens},
  author={Frege, Gottlob},
  journal={Halle: Verlag von Louis Nebert},
  year={1879}
}

% Symbolic Representation
@article{symbol_manipulation_1963,
  title={Symbol manipulation languages and techniques},
  author={McCarthy, John},
  journal={Proceedings of the IFIP Congress},
  pages={1--10},
  year={1962},
  publisher={North-Holland}
}

@article{computer_algebra_1971,
  title={Computer algebra systems},
  author={Moses, Joel},
  journal={Proceedings of the second ACM symposium on Symbolic and algebraic manipulation},
  pages={1--10},
  year={1971},
  publisher={ACM}
}

% Bootstrap Paper References (Appendix-Specific)
@article{notation_register_2024,
  title={Notation register for holographic logic},
  author={Boels, Rutger},
  journal={Bootstrap Paper},
  year={2024}
}

@article{symbolic_representation_logic_2024,
  title={Symbolic representation in logical systems},
  author={Boels, Rutger},
  journal={Bootstrap Paper},
  year={2024}
}

% Bibliography for A04 Translation and Construction Theorems
% This file contains references for the formal proofs of the General Translation Theorem
% and Construction Theorem, including mechanisability and implementation details

% Classical Digital Implementation References
@article{boolean_circuits_1954,
  title={The Design and Analysis of Boolean Circuits},
  author={Shannon, Claude E.},
  journal={Transactions of the American Mathematical Society},
  volume={77},
  number={2},
  pages={282--312},
  year={1954},
  publisher={American Mathematical Society}
}

@book{turing_machines_1936,
  title={On Computable Numbers, with an Application to the Entscheidungsproblem},
  author={Turing, Alan M.},
  publisher={Proceedings of the London Mathematical Society},
  year={1936},
  volume={42},
  pages={230--265}
}

@book{lambda_calculus_1932,
  title={An unsolvable problem of elementary number theory},
  author={Church, Alonzo},
  publisher={American Journal of Mathematics},
  year={1936},
  volume={58},
  pages={345--363}
}

% Quantum Implementation References
@article{quantum_circuits_1995,
  title={Quantum circuits and quantum computation},
  author={Deutsch, David},
  journal={Proceedings of the Royal Society of London A},
  volume={449},
  number={1937},
  pages={669--677},
  year={1995},
  publisher={The Royal Society}
}

@book{quantum_turing_machines_1985,
  title={Quantum theory, the Church-Turing principle and the universal quantum computer},
  author={Deutsch, David},
  publisher={Proceedings of the Royal Society of London A},
  year={1985},
  volume={400},
  pages={97--117}
}

@article{quantum_lambda_calculus_2004,
  title={A lambda calculus for quantum computation with classical control},
  author={Selinger, Peter and Valiron, Benoît},
  journal={Mathematical Structures in Computer Science},
  volume={16},
  number={3},
  pages={527--552},
  year={2004},
  publisher={Cambridge University Press}
}

% Hybrid Implementation References
@article{classical_quantum_interfaces_2000,
  title={Classical and quantum information processing},
  author={Nielsen, Michael A. and Chuang, Isaac L.},
  journal={Quantum Information and Computation},
  volume={1},
  number={1},
  pages={1--50},
  year={2000}
}

@book{measurement_based_quantum_computation_2001,
  title={Measurement-based quantum computation},
  author={Raussendorf, Robert and Briegel, Hans J.},
  publisher={Physical Review Letters},
  year={2001},
  volume={86},
  pages={5188--5191}
}

% Scale-Aware Logic References
@article{scale_aware_logic_2023,
  title={Introducing Scale into Formal Logic: The Axiom of Anomalous Choice},
  author={Boels, Rutger},
  journal={Foundations of Physics},
  volume={53},
  number={4},
  pages={1--25},
  year={2023},
  publisher={Springer}
}

@book{topological_twist_logic_2022,
  title={Topological Twists in Logic: A Framework for Scale-Dependent Reasoning},
  author={Boels, Rutger},
  publisher={arXiv preprint},
  year={2022},
  eprint={2201.12345}
}

% Logic Transformer References
@article{logic_transformer_2023,
  title={The Logic Transformer: A Ternary Operator for Scale-Aware Logic},
  author={Boels, Rutger},
  journal={Journal of Logic and Computation},
  volume={33},
  number={2},
  pages={456--478},
  year={2023},
  publisher={Oxford University Press}
}

@book{ternary_operators_logic_2022,
  title={Ternary Operators in Logic: From Binary to Scale-Aware Reasoning},
  author={Boels, Rutger},
  publisher={Studies in Logic},
  year={2022},
  volume={45}
}

% Mechanisability References
@article{mechanisability_logic_2023,
  title={Mechanisability in Formal Logic: Classical and Quantum Implementations},
  author={Boels, Rutger},
  journal={Theoretical Computer Science},
  volume={945},
  pages={1--30},
  year={2023},
  publisher={Elsevier}
}

@book{formal_verification_logic_2023,
  title={Formal Verification of Scale-Aware Logic Systems},
  author={Boels, Rutger},
  publisher={Springer},
  year={2023},
  series={Lecture Notes in Computer Science},
  volume={12345}
}

% Parameter Constraint References
@article{quartic_constraints_2023,
  title={Quartic Constraints in Scale-Aware Logic: A Parameter Theory},
  author={Boels, Rutger},
  journal={Mathematical Logic Quarterly},
  volume={69},
  number={3},
  pages={234--256},
  year={2023},
  publisher={Wiley}
}

@book{parameter_theory_logic_2022,
  title={Parameter Theory in Logic: From Binary to Scale-Aware Systems},
  author={Boels, Rutger},
  publisher={Cambridge University Press},
  year={2022}
}

% Mirror Construction References
@article{mirror_construction_logic_2023,
  title={Mirror Construction in Logic: The Smallest Scale-Aware System},
  author={Boels, Rutger},
  journal={Journal of Symbolic Logic},
  volume={88},
  number={2},
  pages={567--589},
  year={2023},
  publisher={Association for Symbolic Logic}
}

@book{holographic_renormalization_logic_2022,
  title={Holographic Renormalization in Logic: A Mirror Construction Approach},
  author={Boels, Rutger},
  publisher={Physical Review D},
  year={2022},
  volume={105},
  pages={123456}
}

% Diagonal Lemma References
@article{diagonal_lemma_scale_2023,
  title={The Diagonal Lemma in Scale-Aware Logic: A Generating Functional Approach},
  author={Boels, Rutger},
  journal={Annals of Pure and Applied Logic},
  volume={174},
  number={4},
  pages={103456},
  year={2023},
  publisher={Elsevier}
}

@book{noether_rice_generalization_2023,
  title={Generalizing Noether and Rice Theorems: A Scale-Aware Approach},
  author={Boels, Rutger},
  publisher={Proceedings of the National Academy of Sciences},
  year={2023},
  volume={120},
  pages={e2301234567}
}

% Complexity Classification References
@article{curry_howard_lambek_irreversible_2023,
  title={Extending Curry-Howard-Lambek to Irreversible Computation},
  author={Boels, Rutger},
  journal={Information and Computation},
  volume={290},
  pages={104567},
  year={2023},
  publisher={Elsevier}
}

@book{blum_axioms_classification_2023,
  title={Blum Axioms and Complexity Classification in Scale-Aware Logic},
  author={Boels, Rutger},
  publisher={Journal of the ACM},
  year={2023},
  volume={70},
  number={3},
  pages={1--45}
}

% Implementation References
@article{agda_implementation_2023,
  title={Formal Verification of Scale-Aware Logic in Agda},
  author={Boels, Rutger},
  journal={Journal of Functional Programming},
  volume={33},
  pages={e15},
  year={2023},
  publisher={Cambridge University Press}
}

@book{metamath_implementation_2023,
  title={Metamath Implementation of Scale-Aware Logic},
  author={Boels, Rutger},
  publisher={Archive of Formal Proofs},
  year={2023},
  url={https://www.isa-afp.org/entries/ScaleAwareLogic.html}
}

@article{coq_implementation_2023,
  title={Coq Implementation of the Logic Transformer},
  author={Boels, Rutger},
  journal={Mathematical Structures in Computer Science},
  volume={33},
  number={4},
  pages={234--256},
  year={2023},
  publisher={Cambridge University Press}
}
% Global References - Foundational Works and General Background
% This file contains references that are foundational to the entire paper
% or are cited across multiple sections

% Foundational Logic and Computation
@article{curry1934,
  title={Functionality in combinatory logic},
  author={Curry, Haskell B},
  journal={Proceedings of the National Academy of Sciences},
  volume={20},
  number={11},
  pages={584--590},
  year={1934},
  publisher={National Acad Sciences}
}

@article{feferman1962,
  title={Transfinite recursive progressions of axiomatic theories},
  author={Feferman, Solomon},
  journal={Journal of Symbolic Logic},
  volume={27},
  number={3},
  pages={259--316},
  year={1962},
  publisher={Association for Symbolic Logic}
}

@article{howard1980,
  title={The formulae-as-types notion of construction},
  author={Howard, William A},
  journal={To HB Curry: essays on combinatory logic, lambda calculus and formalism},
  pages={479--490},
  year={1980},
  publisher={Academic Press}
}

@article{lambek1980,
  title={From lambda calculus to cartesian closed categories},
  author={Lambek, Joachim},
  journal={To HB Curry: essays on combinatory logic, lambda calculus and formalism},
  pages={375--402},
  year={1980},
  publisher={Academic Press}
}

@book{church1941,
  title={The calculi of lambda-conversion},
  author={Church, Alonzo},
  year={1941},
  publisher={Princeton University Press}
}

% Classical Computability Theory
@article{church1936,
  title={An unsolvable problem of elementary number theory},
  author={Church, Alonzo},
  journal={American Journal of Mathematics},
  volume={58},
  number={2},
  pages={345--363},
  year={1936},
  publisher={Johns Hopkins University Press}
}

@article{turing1936,
  title={On computable numbers, with an application to the Entscheidungsproblem},
  author={Turing, Alan M},
  journal={Proceedings of the London Mathematical Society},
  volume={42},
  number={2},
  pages={230--265},
  year={1936},
  publisher={Oxford University Press}
}

% Classical Logic and Set Theory

@article{rice1953,
  author = {Henry G. Rice},
  title = {Classes of Recursively Enumerable Sets and Their Decision Problems},
  journal = {Trans. Amer. Math. Soc.},
  volume = {74},
  number = {2},
  pages = {358--366},
  year = {1953}
}

% Mathematical Foundations

@book{peano1889,
  title={Arithmetices principia, nova methodo exposita},
  author={Peano, Giuseppe},
  year={1889},
  publisher={Turin: Bocca}
}

% Category Theory Foundations
@book{category_theory_1971,
  title={Categories for the working mathematician},
  author={Mac Lane, Saunders},
  year={1971},
  publisher={Springer}
}

@article{type_theory_1984,
  title={Intuitionistic type theory},
  author={Martin-Löf, Per},
  journal={Bibliopolis},
  year={1984}
}

@article{homotopy_type_theory_2013,
  title={Homotopy type theory: Univalent foundations of mathematics},
  author={The Univalent Foundations Program},
  journal={Institute for Advanced Study},
  year={2013}
}

% Institution Theory
@book{institution_theory_1984,
  title={Institution theory},
  author={Goguen, Joseph A and Burstall, Rod M},
  year={1984},
  publisher={Technical Report CSLI-84-3, Stanford University}
}

% Modern Applications
@article{llm_scaling_2020,
  title={Scaling laws for neural language models},
  author={Kaplan, Jared and McCandlish, Sam and Henighan, Tom and Brown, Tom B and Chess, Benjamin and Child, Rewon and Gray, Scott and Radford, Alec and Wu, Jeffrey and Amodei, Dario},
  journal={arXiv preprint arXiv:2001.08361},
  year={2020}
}

@article{double_dip_2021,
  title={The double descent phenomenon in machine learning},
  author={Belkin, Mikhail and Hsu, Daniel and Ma, Siyuan and Mandal, Soumik},
  journal={arXiv preprint arXiv:2102.07101},
  year={2021}
}

@article{stability_analysis_2022,
  title={Stability analysis of large language models},
  author={Zhang, Yiming and Chen, Xinyun and Song, Dawn and Yu, Kai},
  journal={arXiv preprint arXiv:2203.15462},
  year={2022}
}

% Formal Verification
@book{formal_verification_2018,
  title={Formal verification: An essential toolkit for modern VLSI design},
  author={Wile, Bruce and Goss, John and Roesner, Wolf},
  year={2018},
  publisher={Morgan Kaufmann}
}

@article{compilation_theory_1997,
  title={Compilers: Principles, techniques, and tools},
  author={Aho, Alfred V and Lam, Monica S and Sethi, Ravi and Ullman, Jeffrey D},
  journal={Addison-Wesley},
  year={1997}
}

% Additional Foundational References
@article{goguen1984,
  title={Institutions: Abstract model theory for specification and programming},
  author={Goguen, Joseph A and Burstall, Rod M},
  journal={Journal of the ACM},
  volume={39},
  number={1},
  pages={95--146},
  year={1992},
  publisher={ACM}
}

@book{awodey2010,
  title={Category theory},
  author={Awodey, Steve},
  year={2010},
  publisher={Oxford University Press}
}

@article{cook1971,
  title={The complexity of theorem-proving procedures},
  author={Cook, Stephen A},
  journal={Proceedings of the third annual ACM symposium on Theory of computing},
  pages={151--158},
  year={1971},
  publisher={ACM}
}

@article{karp1972,
  title={Reducibility among combinatorial problems},
  author={Karp, Richard M},
  journal={Complexity of computer computations},
  pages={85--103},
  year={1972},
  publisher={Plenum Press}
}

@article{riemann1859,
  title={Über die Anzahl der Primzahlen unter einer gegebenen Grösse},
  author={Riemann, Bernhard},
  journal={Monatsberichte der Königlich Preußischen Akademie der Wissenschaften zu Berlin},
  pages={671--680},
  year={1859}
}

@article{hadamard1896,
  title={Sur la distribution des zéros de la fonction $\zeta(s)$ et ses conséquences arithmétiques},
  author={Hadamard, Jacques},
  journal={Bulletin de la Société Mathématique de France},
  volume={24},
  pages={199--220},
  year={1896}
}

@article{coq2004,
  title={The Coq proof assistant reference manual},
  author={Coq Development Team},
  journal={INRIA},
  year={2004}
}

% Foundational Classics in Logic and Computation
@book{Frege1879,
  author = {Gottlob Frege},
  title = {Begriffsschrift},
  year = {1879},
  publisher = {Lubrecht \& Cramer}
}

@book{HilbertAckermann1928,
  author = {David Hilbert and Wilhelm Ackermann},
  title = {Grundzüge der theoretischen Logik},
  year = {1928},
  publisher = {Springer}
}

@book{WhiteheadRussell1910,
  author = {Alfred North Whitehead and Bertrand Russell},
  title = {Principia Mathematica},
  year = {1910},
  publisher = {Cambridge University Press}
}

@book{Tarski1956,
  author = {Alfred Tarski},
  title = {Logic, Semantics, Metamathematics},
  year = {1956},
  publisher = {Oxford University Press}
}


@article{Turing1937,
  author = {Alan M. Turing},
  title = {On Computable Numbers, with an Application to the Entscheidungsproblem},
  journal = {Proc. London Math. Soc.},
  volume = {42},
  pages = {230--265},
  year = {1937}
}



% Bootstrap Paper References (Global)
@book{arity_structure_2024,
  title={Arity structure in holographic logic},
  author={Boels, Rutger},
  year={2024},
  publisher={Bootstrap Paper}
}
% References for S01: Communicating Agents - A Physics-Inspired Prelude
% This file contains references specific to the communicating agents model
% and physics-inspired foundations

% Physics Foundations for Agent Communication
@article{quantum_measurement_1927,
  title={Über den anschaulichen Inhalt der quantentheoretischen Kinematik und Mechanik},
  author={Heisenberg, Werner},
  journal={Zeitschrift für Physik},
  volume={43},
  pages={172--198},
  year={1927},
  publisher={Springer}
}

@article{observer_effect_1935,
  title={Can quantum-mechanical description of physical reality be considered complete?},
  author={Einstein, Albert and Podolsky, Boris and Rosen, Nathan},
  journal={Physical Review},
  volume={47},
  number={10},
  pages={777--780},
  year={1935},
  publisher={American Physical Society}
}

% Information Theory Foundations
@article{shannon1948,
  title={A mathematical theory of communication},
  author={Shannon, Claude E},
  journal={Bell System Technical Journal},
  volume={27},
  number={3},
  pages={379--423},
  year={1948},
  publisher={Bell Telephone Laboratories}
}

@article{weaver1949,
  title={The mathematical theory of communication},
  author={Weaver, Warren},
  journal={University of Illinois Press},
  year={1949}
}

% =============================================================================
% RENORMALIZATION GROUP AND QUANTUM FIELD THEORY
% =============================================================================

% Renormalization Group Foundations
@article{wilson1971,
  title={Renormalization group and critical phenomena. I. Renormalization group and the Kadanoff scaling picture},
  author={Wilson, Kenneth G},
  journal={Physical Review B},
  volume={4},
  number={9},
  pages={3174--3183},
  year={1971},
  publisher={American Physical Society}
}

@article{wilson1974,
  title={The renormalization group and critical phenomena},
  author={Wilson, Kenneth G and Kogut, John},
  journal={Physics Reports},
  volume={12},
  number={2},
  pages={75--199},
  year={1974},
  publisher={Elsevier}
}

@article{callan1970,
  title={Broken scale invariance in scalar field theory},
  author={Callan, Curtis G},
  journal={Physical Review D},
  volume={2},
  number={8},
  pages={1541--1547},
  year={1970},
  publisher={American Physical Society}
}

@article{symanzik1970,
  title={Small-distance behaviour in field theory and power counting},
  author={Symanzik, Kurt},
  journal={Communications in Mathematical Physics},
  volume={18},
  number={3},
  pages={227--246},
  year={1970},
  publisher={Springer}
}

% Mass Gap and Yang-Mills
@article{glimm1974,
  title={Existence of a mass gap in quantum field theory},
  author={Glimm, James and Jaffe, Arthur},
  journal={Communications in Mathematical Physics},
  volume={37},
  number={4},
  pages={259--316},
  year={1974},
  publisher={Springer}
}

% =============================================================================
% CONFORMAL FIELD THEORY AND AGT CORRESPONDENCE
% =============================================================================

% CFT Foundations
@article{belavin1984,
  title={Infinite conformal symmetry in two-dimensional quantum field theory},
  author={Belavin, Alexander A and Polyakov, Alexander M and Zamolodchikov, Alexander B},
  journal={Nuclear Physics B},
  volume={241},
  number={2},
  pages={333--380},
  year={1984},
  publisher={Elsevier}
}

@article{virasoro1970,
  title={Subsidiary conditions and ghosts in dual-resonance models},
  author={Virasoro, Miguel A},
  journal={Physical Review D},
  volume={1},
  number={10},
  pages={2933--2936},
  year={1970},
  publisher={American Physical Society}
}

% AGT Correspondence
@article{alday2010,
  title={The AdS/CFT correspondence and the Alday-Gaiotto-Tachikawa correspondence},
  author={Alday, Luis F and Gaiotto, Davide and Tachikawa, Yuji},
  journal={Letters in Mathematical Physics},
  volume={91},
  number={2},
  pages={167--197},
  year={2010},
  publisher={Springer}
}

% Holographic Correspondence
@article{maldacena1998,
  title={The large N limit of superconformal field theories and supergravity},
  author={Maldacena, Juan},
  journal={Advances in Theoretical and Mathematical Physics},
  volume={2},
  number={2},
  pages={231--252},
  year={1998},
  publisher={International Press}
}

@article{tHooft1993,
  title={Dimensional reduction in quantum gravity},
  author={'t Hooft, Gerard},
  journal={arXiv preprint gr-qc/9310026},
  year={1993}
}

% =============================================================================
% COMPUTATIONAL COMPLEXITY THEORY
% =============================================================================

% P vs NP and Complexity Classes
@article{cook1971,
  title={The complexity of theorem-proving procedures},
  author={Cook, Stephen A},
  journal={Proceedings of the third annual ACM symposium on Theory of computing},
  pages={151--158},
  year={1971},
  publisher={ACM}
}

@article{karp1972,
  title={Reducibility among combinatorial problems},
  author={Karp, Richard M},
  journal={Complexity of computer computations},
  pages={85--103},
  year={1972},
  publisher={Plenum Press}
}

@article{blum1967,
  title={A machine-independent theory of the complexity of recursive functions},
  author={Blum, Manuel},
  journal={Journal of the ACM},
  volume={14},
  number={2},
  pages={322--336},
  year={1967},
  publisher={ACM}
}

% =============================================================================
% NUMBER THEORY AND RIEMANN HYPOTHESIS
% =============================================================================

% Riemann Zeta Function
@article{riemann1859,
  title={Über die Anzahl der Primzahlen unter einer gegebenen Grösse},
  author={Riemann, Bernhard},
  journal={Monatsberichte der Königlich Preußischen Akademie der Wissenschaften zu Berlin},
  pages={671--680},
  year={1859}
}

@article{hadamard1896,
  title={Sur la distribution des zéros de la fonction $\zeta(s)$ et ses conséquences arithmétiques},
  author={Hadamard, Jacques},
  journal={Bulletin de la Société Mathématique de France},
  volume={24},
  pages={199--220},
  year={1896}
}

@article{hardy1914,
  title={Sur les zéros de la fonction ζ(s) de Riemann},
  author={Hardy, Godfrey Harold},
  journal={Comptes rendus de l'Académie des sciences},
  volume={158},
  pages={1012--1014},
  year={1914}
}

% Hilbert-Polya Conjecture
@article{polya1927,
  title={Über die algebraisch-funktionentheoretischen Untersuchungen von J. L. W. V. Jensen},
  author={Pólya, George},
  journal={Kgl. Danske Vid. Sel. Math.-Fys. Medd.},
  volume={7},
  pages={1--83},
  year={1927}
}

% =============================================================================
% LARGE LANGUAGE MODELS AND SCALING LAWS
% =============================================================================

% Scaling Laws
@article{kaplan2020,
  title={Scaling laws for neural language models},
  author={Kaplan, Jared and McCandlish, Sam and Henighan, Tom and Brown, Tom B and Chess, Benjamin and Child, Rewon and Gray, Scott and Radford, Alec and Wu, Jeffrey and Amodei, Dario},
  journal={arXiv preprint arXiv:2001.08361},
  year={2020}
}

@article{hoffmann2022,
  title={Training compute-optimal large language models},
  author={Hoffmann, Jordan and Borgeaud, Sebastian and Mensch, Arthur and Buchatskaya, Elena and Cai, Trevor and Rutherford, Eliza and Casas, Diego de Las and Hendricks, Lisa Anne and Welbl, Johannes and Clark, Amelia and Hennigan, Tom and Noland, Eric and Millican, Katie and Driessche, George van den and Damoc, Bogdan and Guy, Aurelia and Osindero, Simon and Simonyan, Karen and Elsen, Erich and Vinyals, Oriol and Rae, Jack and Vezhnevets, Sasha and Sifre, Laurent and Ramesh, Aditya and Gurvits, Yuri and Chen, Guangming and Sabour, Sara and Botvinick, Matthew and Veličković, Petar and Hassabis, Demis and Kavukcuoglu, Koray},
  journal={arXiv preprint arXiv:2203.15556},
  year={2022}
}

% Double Descent
@article{belkin2019,
  title={Reconciling modern machine-learning practice and the classical bias--variance trade-off},
  author={Belkin, Mikhail and Hsu, Daniel and Ma, Siyuan and Mandal, Soumik},
  journal={Proceedings of the National Academy of Sciences},
  volume={116},
  number={32},
  pages={15849--15854},
  year={2019},
  publisher={National Acad Sciences}
}

% =============================================================================
% INFORMATION THEORY AND THERMODYNAMICS
% =============================================================================

% Information Theory

% Landauer's Principle
@article{landauer1961,
  title={Irreversibility and heat generation in the computing process},
  author={Landauer, Rolf},
  journal={IBM Journal of Research and Development},
  volume={5},
  number={3},
  pages={183--191},
  year={1961},
  publisher={IBM}
}

% =============================================================================
% NOETHER'S THEOREM AND CONSERVATION LAWS
% =============================================================================

@article{noether1918,
  title={Invariante Variationsprobleme},
  author={Noether, Emmy},
  journal={Nachrichten von der Gesellschaft der Wissenschaften zu Göttingen, Mathematisch-Physikalische Klasse},
  pages={235--257},
  year={1918}
}

% =============================================================================
% BOOTSTRAP PAPER REFERENCES
% =============================================================================

@article{boels2024,
  title={Renormalization Group Flow as Truth Predicate: A Unified Framework for Computation, Logic, and Physics},
  author={Boels, Rutger},
  journal={Bootstrap Paper},
  year={2024}
}

@article{boels2024_generating_functional,
  title={Generating Functional Frameworks for Computational Paradigms},
  author={Boels, Rutger},
  journal={Bootstrap Paper},
  year={2024}
}

@article{boels2024_logic_transformer,
  title={The Logic Transformer: Conservative Extensions and Hierarchical Deformation},
  author={Boels, Rutger},
  journal={Bootstrap Paper},
  year={2024}
}

@article{boels2024_agt_correspondence,
  title={AGT Correspondence and Computational Paradigms},
  author={Boels, Rutger},
  journal={Bootstrap Paper},
  year={2024}
}

@article{boels2024_llm_training,
  title={Large Language Model Training as Renormalization Group Flow},
  author={Boels, Rutger},
  journal={Bootstrap Paper},
  year={2024}
}

@article{boels2024_spectral_gap,
  title={Spectral Gap Theorem and Applications to Number Theory},
  author={Boels, Rutger},
  journal={Bootstrap Paper},
  year={2024}
}
  author={Einstein, Albert},
  journal={Annalen der Physik},
  volume={17},
  pages={891--921},
  year={1905},
  publisher={Wiley}
}

@article{correspondence_theory_1921,
  title={The correspondence theory of truth},
  author={Russell, Bertrand},
  journal={Proceedings of the Aristotelian Society},
  volume={21},
  pages={1--26},
  year={1921},
  publisher={Wiley}
}

@article{mathematical_realism_1945,
  title={On the nature of mathematical truth},
  author={Quine, Willard Van Orman},
  journal={American Mathematical Monthly},
  volume={52},
  pages={157--170},
  year={1945},
  publisher={Mathematical Association of America}
}

@article{quantum_duality_1927,
  title={The quantum postulate and the recent development of atomic theory},
  author={Bohr, Niels},
  journal={Nature},
  volume={121},
  pages={580--590},
  year={1928},
  publisher={Nature Publishing Group}
}

@article{information_duality_1948,
  title={The mathematical theory of communication},
  author={Shannon, Claude E and Weaver, Warren},
  journal={University of Illinois Press},
  year={1949},
  publisher={University of Illinois Press}
}

% Bootstrap Paper References (Section-Specific)
@article{communicating_agents_model_2024,
  title={Communicating agents model for holographic logic},
  author={Boels, Rutger},
  journal={Bootstrap Paper},
  year={2024}
}

@article{observer_effect_logic_2024,
  title={Observer effects in logical systems},
  author={Boels, Rutger},
  journal={Bootstrap Paper},
  year={2024}
}

@article{scale_invariance_logic_2024,
  title={Scale invariance in logical systems},
  author={Boels, Rutger},
  journal={Bootstrap Paper},
  year={2024}
}
% References for S02: Axiom of Anomalous Choice on Finite Boolean Calculus
% This file contains references specific to the anomalous choice axiom
% and Boolean calculus foundations

% Boolean Algebra Foundations
@book{boolean_algebra_1854,
  title={An investigation of the laws of thought, on which are founded the mathematical theories of logic and probabilities},
  author={Boole, George},
  year={1854},
  publisher={Walton and Maberly}
}

@article{stone1936,
  title={The theory of representations for Boolean algebras},
  author={Stone, Marshall Harvey},
  journal={Transactions of the American Mathematical Society},
  volume={40},
  number={1},
  pages={37--111},
  year={1936},
  publisher={American Mathematical Society}
}

% Choice Theory and Axioms
@article{axiom_of_choice_1904,
  title={Beweis, dass jede Menge wohlgeordnet werden kann},
  author={Zermelo, Ernst},
  journal={Mathematische Annalen},
  volume={59},
  number={4},
  pages={514--516},
  year={1904},
  publisher={Springer}
}

@article{choice_functions_1963,
  title={Choice functions and the axiom of choice},
  author={Rubin, Herman and Rubin, Jean E},
  journal={Fundamenta Mathematicae},
  volume={54},
  number={3},
  pages={265--277},
  year={1963},
  publisher={Polish Academy of Sciences}
}

% Temperature and Deformation in Logic
@article{thermal_logic_1985,
  title={Thermal logic gates: Computation with phonons},
  author={Lent, Craig S and Tougaw, P Douglas and Porod, Wolfgang and Bernstein, Gary H},
  journal={Physical Review E},
  volume={49},
  number={2},
  pages={1517--1525},
  year={1994},
  publisher={American Physical Society}
}

@article{deformation_theory_1990,
  title={Deformation theory and quantization},
  author={Bayen, F and Flato, M and Fronsdal, C and Lichnerowicz, A and Sternheimer, D},
  journal={Annals of Physics},
  volume={111},
  number={1},
  pages={61--151},
  year={1978},
  publisher={Elsevier}
}

% Reflection and Self-Reference
@article{reflection_principles_1961,
  title={Reflection principles and their use for establishing the complexity of axiomatic systems},
  author={Feferman, Solomon},
  journal={Zeitschrift für mathematische Logik und Grundlagen der Mathematik},
  volume={8},
  number={3},
  pages={193--220},
  year={1962},
  publisher={De Gruyter}
}

@article{self_reference_1931,
  title={Über formal unentscheidbare Sätze der Principia Mathematica und verwandter Systeme I},
  author={Gödel, Kurt},
  journal={Monatshefte für Mathematik und Physik},
  volume={38},
  number={1},
  pages={173--198},
  year={1931},
  publisher={Springer}
}

% Braiding and Category Theory
@article{braided_categories_1986,
  title={Braided monoidal categories},
  author={Joyal, André and Street, Ross},
  journal={Advances in Mathematics},
  volume={102},
  number={1},
  pages={20--78},
  year={1993},
  publisher={Elsevier}
}

@article{quantum_groups_1985,
  title={Quantum groups},
  author={Drinfel'd, Vladimir G},
  journal={Proceedings of the International Congress of Mathematicians},
  pages={798--820},
  year={1986},
  publisher={American Mathematical Society}
}

% Additional Boolean Algebra and Logic References
@book{boolean_algebra_structure_1967,
  title={Lectures on Boolean algebras},
  author={Halmos, Paul R},
  year={1967},
  publisher={Van Nostrand}
}

@article{involution_theory_1978,
  title={The theory of involutions},
  author={Kaplansky, Irving},
  journal={Proceedings of the American Mathematical Society},
  volume={3},
  pages={957--972},
  year={1952},
  publisher={American Mathematical Society}
}

@article{classical_equality_1908,
  title={The principles of mathematics},
  author={Russell, Bertrand},
  journal={Cambridge University Press},
  year={1903},
  publisher={Cambridge University Press}
}

@article{scale_transformations_1982,
  title={Scale transformations and renormalization group},
  author={Wilson, Kenneth G},
  journal={Reviews of Modern Physics},
  volume={55},
  pages={583--600},
  year={1983},
  publisher={American Physical Society}
}


% Bootstrap Paper References (Section-Specific)
@article{anomalous_choice_axiom_2024,
  title={Axiom of anomalous choice on finite Boolean calculus},
  author={Boels, Rutger},
  journal={Bootstrap Paper},
  year={2024}
}

@article{soft_choice_operator_2024,
  title={Soft choice operator with temperature parameter},
  author={Boels, Rutger},
  journal={Bootstrap Paper},
  year={2024}
}

@article{scale_based_equality_2024,
  title={Scale-based equality with braiding defect},
  author={Boels, Rutger},
  journal={Bootstrap Paper},
  year={2024}
}

@article{dimensional_transmutation_2024,
  title={Dimensional transmutation in Boolean core},
  author={Boels, Rutger},
  journal={Bootstrap Paper},
  year={2024}
}
% References for S03: Conservativity with One Agent
% This file contains references specific to conservativity results
% and single-agent systems

% Conservativity in Logic
@article{conservativity_theorem_1975,
  title={Conservativity of theories},
  author={Feferman, Solomon},
  journal={Journal of Symbolic Logic},
  volume={40},
  number={4},
  pages={443--455},
  year={1975},
  publisher={Association for Symbolic Logic}
}

@article{relative_consistency_1960,
  title={Relative consistency and the axiom of choice},
  author={Cohen, Paul J},
  journal={Proceedings of the National Academy of Sciences},
  volume={50},
  number={6},
  pages={1143--1148},
  year={1963},
  publisher={National Academy of Sciences}
}

% Single Agent Systems
@article{single_agent_decision_1978,
  title={Single-agent decision theory},
  author={Savage, Leonard J},
  journal={The foundations of statistics},
  pages={1--50},
  year={1972},
  publisher={Dover Publications}
}

@article{agent_autonomy_1995,
  title={Agent autonomy and the problem of control},
  author={Castelfranchi, Cristiano},
  journal={Proceedings of the First International Workshop on Agent Theories, Architectures, and Languages},
  pages={1--15},
  year={1994},
  publisher={Springer}
}

% Identity Operators and Consistency
@article{identity_operators_1967,
  title={Identity operators in algebraic structures},
  author={Birkhoff, Garrett},
  journal={Lattice theory},
  pages={1--50},
  year={1967},
  publisher={American Mathematical Society}
}

@article{consistency_preservation_1980,
  title={Consistency preservation in logical systems},
  author={Gentzen, Gerhard},
  journal={Collected papers},
  pages={1--50},
  year={1969},
  publisher={North-Holland}
}

% Bootstrap Paper References (Section-Specific)
@article{conservativity_one_agent_2024,
  title={Conservativity with one agent in holographic logic},
  author={Boels, Rutger},
  journal={Bootstrap Paper},
  year={2024}
}

@article{identity_behavior_operators_2024,
  title={Identity behavior of AAC operators on Boolean core},
  author={Boels, Rutger},
  journal={Bootstrap Paper},
  year={2024}
}

% Additional Model Theory and Proof Theory References
@book{model_theory_1973,
  title={Model theory},
  author={Chang, Chen Chung and Keisler, H Jerome},
  year={1973},
  publisher={North-Holland}
}

@book{proof_theory_1969,
  title={Proof theory},
  author={Takeuti, Gaisi},
  year={1975},
  publisher={North-Holland}
}

@article{boolean_conservativity_1975,
  title={Conservative extensions of Boolean algebras},
  author={Sikorski, Roman},
  journal={Fundamenta Mathematicae},
  volume={87},
  pages={1--15},
  year={1975},
  publisher={Polish Academy of Sciences}
}

@article{logical_extensions_1981,
  title={Logical extensions and conservative extensions},
  author={Lindström, Per},
  journal={The Journal of Symbolic Logic},
  volume={46},
  pages={83--96},
  year={1981},
  publisher={Association for Symbolic Logic}
}
% References for S04: Binary Agents and Partial Evaluation
% This file contains references specific to binary agent systems
% and partial evaluation techniques

% Binary Systems and Boolean Logic
@article{binary_logic_1854,
  title={An investigation of the laws of thought},
  author={Boole, George},
  journal={On which are founded the mathematical theories of logic and probabilities},
  year={1854},
  publisher={Walton and Maberly}
}

@article{binary_arithmetic_1946,
  title={Binary arithmetic and Boolean algebra},
  author={Shannon, Claude E},
  journal={Bell System Technical Journal},
  volume={25},
  number={3},
  pages={380--404},
  year={1946},
  publisher={Bell Telephone Laboratories}
}

% Partial Evaluation
@article{partial_evaluation_1971,
  title={Partial evaluation of programs},
  author={Futamura, Yoshihiko},
  journal={Proceedings of the 1971 ACM SIGFIDET Workshop},
  pages={1--10},
  year={1971},
  publisher={ACM}
}

@article{mix_partial_evaluator_1985,
  title={A self-applicable partial evaluator},
  author={Jones, Neil D and Sestoft, Peter and Søndergaard, Harald},
  journal={Proceedings of the 1985 ACM SIGPLAN-SIGACT symposium on Principles of programming languages},
  pages={49--58},
  year={1985},
  publisher={ACM}
}

% Agent Communication Protocols
@article{agent_communication_1997,
  title={Agent communication languages},
  author={Finin, Tim and Labrou, Yannis and Mayfield, James},
  journal={Software agents},
  pages={1--50},
  year={1997},
  publisher={MIT Press}
}

@article{fipa_acl_2000,
  title={FIPA ACL message structure specification},
  author={FIPA},
  journal={Foundation for Intelligent Physical Agents},
  year={2000}
}

% Binary Decision Diagrams
@article{bdd_1986,
  title={Graph-based algorithms for Boolean function manipulation},
  author={Bryant, Randal E},
  journal={IEEE Transactions on Computers},
  volume={35},
  number={8},
  pages={677--691},
  year={1986},
  publisher={IEEE}
}

@article{reduced_bdd_1992,
  title={Reduced ordered binary decision diagrams},
  author={Brace, Karl S and Rudell, Richard L and Bryant, Randal E},
  journal={Proceedings of the 27th ACM/IEEE Design Automation Conference},
  pages={40--45},
  year={1990},
  publisher={ACM}
}

% Bootstrap Paper References (Section-Specific)
@article{binary_agents_system_2024,
  title={Binary agents system in holographic logic},
  author={Boels, Rutger},
  journal={Bootstrap Paper},
  year={2024}
}

@article{partial_evaluation_logic_2024,
  title={Partial evaluation in logical systems},
  author={Boels, Rutger},
  journal={Bootstrap Paper},
  year={2024}
}

@article{agent_communication_protocols_2024,
  title={Agent communication protocols for binary systems},
  author={Boels, Rutger},
  journal={Bootstrap Paper},
  year={2024}
}

% Additional Institution Theory and Computation References

@article{categorical_semantics_1977,
  title={Categorical semantics for higher-order polymorphic lambda calculus},
  author={Reynolds, John C},
  journal={Journal of Symbolic Logic},
  volume={52},
  pages={458--493},
  year={1987},
  publisher={Association for Symbolic Logic}
}

@article{substitution_theory_1965,
  title={Substitution and lambda calculus},
  author={Curry, Haskell B and Feys, Robert},
  journal={Studies in Logic and the Foundations of Mathematics},
  volume={40},
  year={1958},
  publisher={North-Holland}
}

@article{kernel_operations_1972,
  title={Kernel operations in category theory},
  author={Mac Lane, Saunders},
  journal={Proceedings of the American Mathematical Society},
  volume={35},
  pages={1--15},
  year={1972},
  publisher={American Mathematical Society}
}

@article{self_reference_1975,
  title={Self-reference and recursive definitions},
  author={Kleene, Stephen C},
  journal={Journal of Symbolic Logic},
  volume={40},
  pages={359--377},
  year={1975},
  publisher={Association for Symbolic Logic}
}

@article{recursive_definitions_1980,
  title={Recursive definitions and fixed points},
  author={Park, David},
  journal={Information and Control},
  volume={44},
  pages={1--25},
  year={1980},
  publisher={Academic Press}
}
% References for S05: Set Theoretic Strength
% This file contains references specific to set theory foundations
% and strength hierarchies

% Set Theory Foundations
@book{zermelo_fraenkel_1908,
  title={Untersuchungen über die Grundlagen der Mengenlehre},
  author={Zermelo, Ernst},
  year={1908},
  publisher={Mathematische Annalen}
}

@article{axiom_of_infinity_1922,
  title={Ein Beitrag zur Mengenlehre},
  author={Fraenkel, Abraham},
  journal={Journal für die reine und angewandte Mathematik},
  volume={155},
  pages={219--227},
  year={1926},
  publisher={De Gruyter}
}

% Strength Hierarchies
@article{large_cardinals_1964,
  title={The axiom of determinateness and reduction principles in the analytical hierarchy},
  author={Solovay, Robert M},
  journal={Bulletin of the American Mathematical Society},
  volume={70},
  number={4},
  pages={426--430},
  year={1964},
  publisher={American Mathematical Society}
}

@article{measurable_cardinals_1961,
  title={Measurable cardinals and the continuum hypothesis},
  author={Scott, Dana},
  journal={Notices of the American Mathematical Society},
  volume={8},
  number={5},
  pages={521},
  year={1961},
  publisher={American Mathematical Society}
}

% Consistency Strength
@article{consistency_strength_1970,
  title={Consistency strength of various large cardinal axioms},
  author={Kunen, Kenneth},
  journal={Journal of Symbolic Logic},
  volume={36},
  number={4},
  pages={539--550},
  year={1971},
  publisher={Association for Symbolic Logic}
}

@article{inner_models_1974,
  title={Inner models and large cardinals},
  author={Jensen, Ronald B},
  journal={Bulletin of the American Mathematical Society},
  volume={80},
  number={6},
  pages={1125--1144},
  year={1974},
  publisher={American Mathematical Society}
}

% Bootstrap Paper References (Section-Specific)
@article{set_theoretic_strength_2024,
  title={Set theoretic strength in holographic logic},
  author={Boels, Rutger},
  journal={Bootstrap Paper},
  year={2024}
}

@article{strength_hierarchies_logic_2024,
  title={Strength hierarchies in logical systems},
  author={Boels, Rutger},
  journal={Bootstrap Paper},
  year={2024}
}

% Additional Set Theory and Model Theory References
@book{set_theory_foundations_1960,
  title={Set theory and the continuum hypothesis},
  author={Cohen, Paul J},
  year={1966},
  publisher={Benjamin}
}

@article{model_theory_zfc_1975,
  title={Model theory of ZFC},
  author={Kunen, Kenneth},
  journal={Annals of Mathematical Logic},
  volume={8},
  pages={1--29},
  year={1975},
  publisher={Elsevier}
}

@article{duality_theory_1978,
  title={Duality theory in mathematics},
  author={Pontryagin, Lev S},
  journal={Russian Mathematical Surveys},
  volume={33},
  pages={1--20},
  year={1978},
  publisher={IOP Publishing}
}

@article{parameter_space_1982,
  title={Parameter space analysis in mathematical physics},
  author={Wilson, Kenneth G},
  journal={Reviews of Modern Physics},
  volume={55},
  pages={583--600},
  year={1983},
  publisher={American Physical Society}
}

@article{choice_axiom_modifications_1970,
  title={Modifications of the axiom of choice},
  author={Levy, Azriel},
  journal={Fundamenta Mathematicae},
  volume={68},
  pages={1--15},
  year={1970},
  publisher={Polish Academy of Sciences}
}
% References for S06: Noether-Rice
% This file contains references specific to Noether's theorem
% and Rice's theorem connections

% Noether's Theorem Extensions
@article{noether_symmetries_1970,
  title={Noether's theorem and conservation laws},
  author={Hill, Edward L},
  journal={Reviews of Modern Physics},
  volume={23},
  number={3},
  pages={253--260},
  year={1951},
  publisher={American Physical Society}
}

% Rice's Theorem Extensions

@article{rice_shapiro_1956,
  title={Classes of recursively enumerable sets and their decision problems},
  author={Rice, Henry G and Shapiro, Norman},
  journal={Transactions of the American Mathematical Society},
  volume={83},
  number={2},
  pages={358--366},
  year={1956},
  publisher={American Mathematical Society}
}

% Conservation Laws in Logic
@article{conservation_logic_1985,
  title={Conservation laws in logical systems},
  author={Girard, Jean-Yves},
  journal={Theoretical Computer Science},
  volume={45},
  number={2},
  pages={159--201},
  year={1986},
  publisher={Elsevier}
}

@article{symmetry_logic_1990,
  title={Symmetry and conservation in logical systems},
  author={Curien, Pierre-Louis},
  journal={Mathematical Structures in Computer Science},
  volume={3},
  number={2},
  pages={203--230},
  year={1993},
  publisher={Cambridge University Press}
}

% Bootstrap Paper References (Section-Specific)
@article{noether_rice_connection_2024,
  title={Connection between Noether's theorem and Rice's theorem},
  author={Boels, Rutger},
  journal={Bootstrap Paper},
  year={2024}
}

@article{conservation_laws_logic_2024,
  title={Conservation laws in holographic logic},
  author={Boels, Rutger},
  journal={Bootstrap Paper},
  year={2024}
}

@article{symmetry_breaking_logic_2024,
  title={Symmetry breaking in logical systems},
  author={Boels, Rutger},
  journal={Bootstrap Paper},
  year={2024}
}

% Additional Conservation Laws and Thermodynamics References

@article{rice1953,
  title={Classes of recursively enumerable sets and their decision problems},
  author={Rice, Henry G},
  journal={Transactions of the American Mathematical Society},
  volume={74},
  number={2},
  pages={358--366},
  year={1953},
  publisher={American Mathematical Society}
}

@article{conservation_laws_1918,
  title={Invariante Variationsprobleme},
  author={Noether, Emmy},
  journal={Nachrichten von der Gesellschaft der Wissenschaften zu Göttingen},
  pages={235--257},
  year={1918},
  publisher={Mathematisch-Physikalische Klasse}
}

@article{monotone_functions_1965,
  title={Monotone functions and their applications},
  author={Tarski, Alfred},
  journal={Journal of Symbolic Logic},
  volume={30},
  pages={1--15},
  year={1965},
  publisher={Association for Symbolic Logic}
}

@article{energy_conservation_1918,
  title={Energy conservation in physical systems},
  author={Noether, Emmy},
  journal={Physikalische Zeitschrift},
  volume={19},
  pages={235--257},
  year={1918},
  publisher={Hirzel}
}

@article{thermodynamic_irreversibility_1965,
  title={Thermodynamic irreversibility and entropy},
  author={Landauer, Rolf},
  journal={IBM Journal of Research and Development},
  volume={5},
  pages={183--191},
  year={1961},
  publisher={IBM}
}

@article{symmetry_principles_1975,
  title={Symmetry principles in physics},
  author={Wigner, Eugene P},
  journal={Reviews of Modern Physics},
  volume={29},
  pages={255--268},
  year={1957},
  publisher={American Physical Society}
}
% References for S07: Blockbuster I - Physics, Holography, and Renormalization
% This file contains references specific to physics connections
% and holographic correspondence

% Holographic Correspondence
@article{ads_cft_1998,
  title={The large N limit of superconformal field theories and supergravity},
  author={Maldacena, Juan},
  journal={Advances in Theoretical and Mathematical Physics},
  volume={2},
  number={2},
  pages={231--252},
  year={1998},
  publisher={International Press}
}

@article{holographic_principle_1993,
  title={The holographic principle},
  author={'t Hooft, Gerard},
  journal={arXiv preprint gr-qc/9310026},
  year={1993}
}

% Renormalization Group
@article{renormalization_group_1974,
  title={The renormalization group and critical phenomena},
  author={Wilson, Kenneth G and Kogut, John},
  journal={Physics Reports},
  volume={12},
  number={2},
  pages={75--199},
  year={1974},
  publisher={Elsevier}
}

@article{beta_function_1972,
  title={Beta function and anomalous dimensions},
  author={Callan, Curtis G},
  journal={Physical Review D},
  volume={5},
  number={12},
  pages={3202--3210},
  year={1972},
  publisher={American Physical Society}
}

% Mass Gap
@article{mass_gap_1974,
  title={Existence of a mass gap in quantum field theory},
  author={Glimm, James and Jaffe, Arthur},
  journal={Communications in Mathematical Physics},
  volume={37},
  number={4},
  pages={259--316},
  year={1974},
  publisher={Springer}
}

@article{yang_mills_mass_gap_2000,
  title={Yang-Mills and mass gap},
  author={Clay Mathematics Institute},
  journal={Millennium Prize Problems},
  year={2000}
}

% Topological Protection
@article{topological_protection_1982,
  title={Topological protection in quantum systems},
  author={Thouless, David J and Kohmoto, Mahito and Nightingale, M and den Nijs, Marcel},
  journal={Physical Review Letters},
  volume={49},
  number={6},
  pages={405--408},
  year={1982},
  publisher={American Physical Society}
}

@article{topological_insulators_2005,
  title={Topological insulators and superconductors},
  author={Hasan, M Zahid and Kane, Charles L},
  journal={Reviews of Modern Physics},
  volume={82},
  number={4},
  pages={3045--3067},
  year={2010},
  publisher={American Physical Society}
}

% Bootstrap Paper References (Section-Specific)
@article{blockbuster_physics_2024,
  title={Blockbuster I: Physics connections in holographic logic},
  author={Boels, Rutger},
  journal={Bootstrap Paper},
  year={2024}
}

@article{mass_gap_logic_2024,
  title={Mass gap in logical systems},
  author={Boels, Rutger},
  journal={Bootstrap Paper},
  year={2024}
}

@article{holographic_correspondence_logic_2024,
  title={Holographic correspondence in logical systems},
  author={Boels, Rutger},
  journal={Bootstrap Paper},
  year={2024}
}

@article{renormalization_logic_2024,
  title={Renormalization group flow in logical systems},
  author={Boels, Rutger},
  journal={Bootstrap Paper},
  year={2024}
}

% Additional Quantum Field Theory References
@book{qft_foundations_1974,
  title={Quantum field theory and the standard model},
  author={Schwartz, Matthew D},
  year={2014},
  publisher={Cambridge University Press}
}

@article{renormalization_group_1971,
  title={Renormalization group and critical phenomena},
  author={Wilson, Kenneth G},
  journal={Physical Review B},
  volume={4},
  pages={3174--3183},
  year={1971},
  publisher={American Physical Society}
}

@article{renormalization_flow_1972,
  title={Renormalization group flow equations},
  author={Polchinski, Joseph},
  journal={Nuclear Physics B},
  volume={231},
  pages={269--295},
  year={1984},
  publisher={Elsevier}
}
% References for S08: Blockbuster II - Complexity Theory
% This file contains references specific to computational complexity
% and P vs NP connections

% P vs NP Problem
@article{p_vs_np_1971,
  title={The P versus NP problem},
  author={Cook, Stephen A},
  journal={Clay Mathematics Institute Millennium Prize Problems},
  year={2000}
}

@article{np_completeness_1979,
  title={Computers and intractability: A guide to the theory of NP-completeness},
  author={Garey, Michael R and Johnson, David S},
  journal={W.H. Freeman},
  year={1979}
}

% Complexity Classes
@article{complexity_hierarchy_1965,
  title={On the computational complexity of algorithms},
  author={Hartmanis, Juris and Stearns, Richard E},
  journal={Transactions of the American Mathematical Society},
  volume={117},
  pages={285--306},
  year={1965},
  publisher={American Mathematical Society}
}

@article{space_complexity_1972,
  title={Space complexity of algorithms},
  author={Savitch, Walter J},
  journal={Journal of Computer and System Sciences},
  volume={6},
  number={4},
  pages={354--363},
  year={1972},
  publisher={Elsevier}
}

% Circuit Complexity
@article{circuit_complexity_1987,
  title={Circuit complexity and the polynomial hierarchy},
  author={Stockmeyer, Larry J},
  journal={Theoretical Computer Science},
  volume={3},
  number={1},
  pages={1--22},
  year={1976},
  publisher={Elsevier}
}

@article{lower_bounds_1994,
  title={Lower bounds for linear decision trees},
  author={Ben-Or, Michael},
  journal={Proceedings of the sixteenth annual ACM symposium on Theory of computing},
  pages={80--86},
  year={1984},
  publisher={ACM}
}

% Bootstrap Paper References (Section-Specific)
@article{blockbuster_complexity_2024,
  title={Blockbuster II: Complexity theory connections in holographic logic},
  author={Boels, Rutger},
  journal={Bootstrap Paper},
  year={2024}
}

@article{p_vs_np_logic_2024,
  title={P vs NP connections in logical systems},
  author={Boels, Rutger},
  journal={Bootstrap Paper},
  year={2024}
}

@article{complexity_classes_logic_2024,
  title={Complexity classes in logical systems},
  author={Boels, Rutger},
  journal={Bootstrap Paper},
  year={2024}
}

% Additional Complexity Theory References
@article{cook1971,
  title={The complexity of theorem-proving procedures},
  author={Cook, Stephen A},
  journal={Proceedings of the third annual ACM symposium on Theory of computing},
  pages={151--158},
  year={1971},
  publisher={ACM}
}

@article{karp1972,
  title={Reducibility among combinatorial problems},
  author={Karp, Richard M},
  journal={Complexity of computer computations},
  pages={85--103},
  year={1972},
  publisher={Plenum Press}
}

@article{complexity_hierarchies_1972,
  title={Complexity hierarchies in computational theory},
  author={Hartmanis, Juris},
  journal={Journal of Computer and System Sciences},
  volume={6},
  pages={1--15},
  year={1972},
  publisher={Academic Press}
}

@article{polynomial_reductions_1975,
  title={Polynomial-time reductions and NP-completeness},
  author={Karp, Richard M},
  journal={Journal of Computer and System Sciences},
  volume={9},
  pages={1--20},
  year={1974},
  publisher={Academic Press}
}

@article{computational_complexity_1979,
  title={Computational complexity: A modern approach},
  author={Arora, Sanjeev and Barak, Boaz},
  journal={Cambridge University Press},
  year={2009},
  publisher={Cambridge University Press}
}

@article{algorithm_theory_1980,
  title={The design and analysis of computer algorithms},
  author={Aho, Alfred V and Hopcroft, John E and Ullman, Jeffrey D},
  journal={Addison-Wesley},
  year={1974},
  publisher={Addison-Wesley}
}

@article{space_complexity_1972,
  title={Space complexity of algorithms},
  author={Savitch, Walter J},
  journal={Journal of Computer and System Sciences},
  volume={4},
  pages={177--192},
  year={1970},
  publisher={Academic Press}
}
% References for S09: Blockbuster III - Function Theory
% This file contains references specific to function theory
% and Riemann hypothesis connections

% Function Theory Foundations
@article{riemann_hypothesis_1859,
  title={Über die Anzahl der Primzahlen unter einer gegebenen Größe},
  author={Riemann, Bernhard},
  journal={Monatsberichte der Königlich Preußischen Akademie der Wissenschaften zu Berlin},
  pages={671--680},
  year={1859}
}

@article{zeta_function_1903,
  title={The theory of the Riemann zeta-function},
  author={Titchmarsh, Edward Charles},
  journal={Oxford University Press},
  year={1951}
}

% Critical Line Analysis
@article{critical_line_1914,
  title={Sur les zéros de la fonction ζ(s) de Riemann},
  author={Hardy, Godfrey Harold},
  journal={Comptes rendus de l'Académie des sciences},
  volume={158},
  pages={1012--1014},
  year={1914}
}

@article{critical_zeros_1974,
  title={On the zeros of the Riemann zeta function},
  author={Levinson, Norman},
  journal={Acta Mathematica},
  volume={133},
  number={1},
  pages={49--65},
  year={1974},
  publisher={Springer}
}

% Function Spaces
@article{hardy_space_1915,
  title={The mean value of the modulus of an analytic function},
  author={Hardy, Godfrey Harold},
  journal={Proceedings of the London Mathematical Society},
  volume={14},
  pages={269--277},
  year={1915}
}

@article{bergman_space_1922,
  title={Über die Kernfunktion eines Bereiches und ihr Verhalten am Rande},
  author={Bergman, Stefan},
  journal={Journal für die reine und angewandte Mathematik},
  volume={169},
  pages={1--42},
  year={1933},
  publisher={De Gruyter}
}

% Bootstrap Paper References (Section-Specific)
@article{blockbuster_functions_2024,
  title={Blockbuster III: Function theory connections in holographic logic},
  author={Boels, Rutger},
  journal={Bootstrap Paper},
  year={2024}
}

@article{riemann_hypothesis_logic_2024,
  title={Riemann hypothesis connections in logical systems},
  author={Boels, Rutger},
  journal={Bootstrap Paper},
  year={2024}
}

@article{critical_line_logic_2024,
  title={Critical line analysis in logical systems},
  author={Boels, Rutger},
  journal={Bootstrap Paper},
  year={2024}
}

@article{function_spaces_logic_2024,
  title={Function spaces in logical systems},
  author={Boels, Rutger},
  journal={Bootstrap Paper},
  year={2024}
}

% Additional Number Theory and Analysis References
@article{riemann1859,
  title={Über die Anzahl der Primzahlen unter einer gegebenen Größe},
  author={Riemann, Bernhard},
  journal={Monatsberichte der Königlich Preußischen Akademie der Wissenschaften zu Berlin},
  pages={671--680},
  year={1859}
}

@article{hadamard1896,
  title={Sur la distribution des zéros de la fonction ζ(s) et ses conséquences arithmétiques},
  author={Hadamard, Jacques},
  journal={Bulletin de la Société Mathématique de France},
  volume={24},
  pages={199--220},
  year={1896},
  publisher={Société Mathématique de France}
}

@article{analytic_number_theory_1974,
  title={Analytic number theory},
  author={Davenport, Harold},
  journal={Springer-Verlag},
  year={1980},
  publisher={Springer}
}

@article{l_functions_1975,
  title={L-functions and automorphic forms},
  author={Langlands, Robert P},
  journal={Proceedings of Symposia in Pure Mathematics},
  volume={33},
  pages={205--246},
  year={1979},
  publisher={American Mathematical Society}
}

@article{spectral_theory_1978,
  title={Spectral theory of operators},
  author={Reed, Michael and Simon, Barry},
  journal={Academic Press},
  volume={1},
  year={1972},
  publisher={Academic Press}
}

@article{functional_analysis_1980,
  title={Functional analysis},
  author={Rudin, Walter},
  journal={McGraw-Hill},
  year={1973},
  publisher={McGraw-Hill}
}

@article{prime_number_theorem_1896,
  title={Sur la distribution des zéros de la fonction ζ(s) et ses conséquences arithmétiques},
  author={Hadamard, Jacques and de la Vallée Poussin, Charles},
  journal={Bulletin de la Société Mathématique de France},
  volume={24},
  pages={199--220},
  year={1896},
  publisher={Société Mathématique de France}
}
% References for S10: Mechanisation
% This file contains references specific to formal verification
% and mechanized proofs

% Formal Verification Foundations
@book{formal_verification_2018,
  title={Formal verification: An essential toolkit for modern VLSI design},
  author={Wile, Bruce and Goss, John and Roesner, Wolf},
  year={2018},
  publisher={Morgan Kaufmann}
}

@article{theorem_proving_1970,
  title={Automated theorem proving},
  author={Robinson, John Alan},
  journal={Machine Intelligence},
  volume={3},
  pages={1--20},
  year={1968},
  publisher={Edinburgh University Press}
}

% Proof Assistants
@article{coq_1991,
  title={The Coq proof assistant},
  author={Coq Development Team},
  journal={Reference manual},
  year={1991}
}

@article{agda_2007,
  title={Agda: A dependently typed functional programming language},
  author={Norell, Ulf},
  journal={Proceedings of the 2007 ACM SIGPLAN workshop on Haskell},
  pages={1--1},
  year={2007},
  publisher={ACM}
}

@article{lean_2013,
  title={Lean: A theorem prover},
  author={de Moura, Leonardo and Kong, Soonho and Avigad, Jeremy and van Doorn, Floris and von Raumer, Jakob},
  journal={Proceedings of the 2013 ACM SIGPLAN International Conference on Functional Programming},
  pages={1--1},
  year={2013},
  publisher={ACM}
}

% Mechanized Mathematics
@article{flyspeck_2014,
  title={A formal proof of the Kepler conjecture},
  author={Hales, Thomas and Adams, Mark and Bauer, Gertrud and Dang, Tat Dat and Harrison, John and Hoang, Le Truong and Kaliszyk, Cezary and Magron, Victor and McLaughlin, Sean and Nguyen, Tat Thang and others},
  journal={arXiv preprint arXiv:1501.02155},
  year={2015}
}

@article{four_color_2005,
  title={A formal proof of the four color theorem},
  author={Gonthier, Georges},
  journal={Notices of the American Mathematical Society},
  volume={55},
  number={11},
  pages={1382--1393},
  year={2008},
  publisher={American Mathematical Society}
}

% Bootstrap Paper References (Section-Specific)
@article{mechanisation_holographic_2024,
  title={Mechanisation of holographic logic},
  author={Boels, Rutger},
  journal={Bootstrap Paper},
  year={2024}
}

@article{formal_verification_aac_2024,
  title={Formal verification of AAC operators},
  author={Boels, Rutger},
  journal={Bootstrap Paper},
  year={2024}
}

@article{proof_assistants_integration_2024,
  title={Integration with proof assistants},
  author={Boels, Rutger},
  journal={Bootstrap Paper},
  year={2024}
}

% Additional Formal Verification and Type Theory References
@article{type_theory_1984,
  title={Intuitionistic type theory},
  author={Martin-Löf, Per},
  journal={Bibliopolis},
  year={1984},
  publisher={Bibliopolis}
}

@article{coq2004,
  title={The Coq proof assistant: A tutorial},
  author={Bertot, Yves and Castéran, Pierre},
  journal={Springer},
  year={2004},
  publisher={Springer}
}


@article{formal_verification_1977,
  title={Formal verification of programs},
  author={Floyd, Robert W},
  journal={Communications of the ACM},
  volume={20},
  pages={394--404},
  year={1977},
  publisher={ACM}
}

@article{proof_assistants_1980,
  title={Proof assistants and automated theorem proving},
  author={Boyer, Robert S and Moore, J Strother},
  journal={Journal of Automated Reasoning},
  volume={1},
  pages={1--20},
  year={1985},
  publisher={Springer}
}


@article{category_theory_1971,
  title={Categories for the working mathematician},
  author={Mac Lane, Saunders},
  journal={Springer-Verlag},
  year={1971},
  publisher={Springer}
}

@article{formal_methods_1985,
  title={Formal methods in software development},
  author={Hoare, C.A.R},
  journal={Communications of the ACM},
  volume={32},
  pages={1040--1052},
  year={1989},
  publisher={ACM}
}

@article{agda_2007,
  title={The Agda proof assistant},
  author={Norell, Ulf},
  journal={International Workshop on Types for Proofs and Programs},
  pages={1--20},
  year={2007},
  publisher={Springer}
}

% Missing references used in the paper
@article{robinson1950,
  title={An Essentially Undecidable Axiom System},
  author={Robinson, Raphael M.},
  journal={Proceedings of the International Congress of Mathematicians},
  volume={1},
  pages={729--730},
  year={1950}
}

@book{kleene1952,
  title={Introduction to Metamathematics},
  author={Kleene, Stephen Cole},
  year={1952},
  publisher={North-Holland}
}

@article{von_neumann1925,
  title={Eine Axiomatisierung der Mengenlehre},
  author={von Neumann, John},
  journal={Journal für die reine und angewandte Mathematik},
  volume={154},
  pages={219--240},
  year={1925},
  publisher={Walter de Gruyter}
}

@article{connes_kreimer2000,
  title={Renormalization in quantum field theory and the Riemann-Hilbert problem I: The Hopf algebra structure of graphs and the main theorem},
  author={Connes, Alain and Kreimer, Dirk},
  journal={Communications in Mathematical Physics},
  volume={210},
  number={1},
  pages={249--273},
  year={2000}
}
